!ACCNT	NAME	ACCNTTYPE	DESC
ACCNT	My Expense Account	EXP	Old Good Account
ACCNT	My Property	OASSET	All my things
!TRNS	TRNSID	TRNSTYPE	DATE	ACCNT	AMOUNT	NAME	MEMO
!SPL	SPLID	TRNSTYPE	DATE	ACCNT	AMOUNT	NAME	MEMO
!ENDTRNS
TRNS	1	BILL	08/13/11	My Expense Account	35	Honda1	bike1
SPL	2	BILL	08/13/11	My Property	-35	Honda2	bike2
ENDTRNS
